

@book{bock2001,
  author         = {Bock, Peter},
  editor         = {Bock, Julia},
  title          = {Getting It Right: R\&D Methods for Science and Engineering},
  publisher      = {Academic Press},
  year           = {2001}
}

@book{koen2013,
  author         = {Vaughn Koen, Billy \& Bock, Peter},
  editor         = {Bock, Julia},
  title          = {DISCUSSION OF THE METHOD: Conducting the Engineer's Approach to Problem Solving},
  publisher      = {Oxford University Press, Inc.},
  year           = {2013}
}

@misc{method,
    title = "The Scientific Method",
    month= "february",
    year= "2021", 
    url = "https://www.britannica.com/science/scientific-method",
}